%!TEX encoding = UTF-8 Unicode

@string{icarsc = "IEEE International Conference on Autonomous Robot Systems and Competitions"}
@string{icdl_epirob = "IEEE International Conference on Developmental and Learning and on Epigenetic Robotics"}
@string{icra = "IEEE International Conference on Robotics and Automation"}
@string{smcb = "IEEE Transactions on Systems, Man, and Cybernetics, Part B: Cybernetics"}
@string{tcds = "IEEE Transactions on Cognitive and Developmental Systems"}
@string{tro = "IEEE Transactions on Robotics"}

@InProceedings{antunes:2016:icra,
    author = "Antunes, Alexandre and Jamone, Lorenzo and Saponaro, Giovanni and Bernardino, Alexandre and Ventura, Rodrigo",
    title = {{From Human Instructions to Robot Actions: Formulation of Goals, Affordances and Probabilistic Planning}},
    booktitle = icra,
    year = "2016",
    doi = {10.1109/ICRA.2016.7487757}
}

@book{gibson:2014,
    title = {{The Ecological Approach to Visual Perception: Classic Edition}},
    author = {Gibson, James J.},
    year = {2014},
    publisher = {Psychology Press},
    note = {Originally published in 1979 by Houghton Mifflin Harcourt.},
    isbn = {978-1848725782}
}

@InProceedings{goncalves:2014:icarsc,
    author = "Gonçalves, Afonso and Saponaro, Giovanni and Jamone, Lorenzo and Bernardino, Alexandre",
    title = {{Learning Visual Affordances of Objects and Tools through Autonomous Robot Exploration}},
    booktitle = icarsc,
    year = "2014",
}

@InProceedings{goncalves:2014:icdl,
    author = "Gonçalves, Afonso and Abrantes, João and Saponaro, Giovanni and Jamone, Lorenzo and Bernardino, Alexandre",
    title = {{Learning Intermediate Object Affordances: Towards the Development of a Tool Concept}},
    booktitle = icdl_epirob,
    year = "2014",
}

@article{jamone:2016:tcds,
    title = {{Affordances in psychology, neuroscience and robotics: a survey}},
    author = {Jamone, Lorenzo and Ugur, Emre and Cangelosi, Angelo and Fadiga, Luciano and Bernardino, Alexandre and Piater, Justus and Santos-Victor, José},
    journal = tcds,
    year = 2016,
    doi = {10.1109/TCDS.2016.2594134},
}

TechReport{mavroeidis:2016:praxicon,
    title = {{The PRAXICON database, version 1.0}},
    author = {Mavroeidis, Dimitris and Pastra, Katerina},
    year = {2016},
    institution = {CSRI},
    url = {https://github.com/CSRI/PraxiconDB}
}

@article{montesano:2008,
    title = {{Learning Object Affordances: From Sensory--Motor Maps to Imitation}},
    author = {Montesano, Luis and Lopes, Manuel and Bernardino, Alexandre and Santos-Victor, José},
    journal = tro,
    number = {1},
    pages = {15--26},
    doi = {10.1109/TRO.2007.914848},
    volume = {24},
    year = {2008}
}

InProceedings{pastra:2008:praxicon,
    title = {{PRAXICON: The Development of a Grounding Resource}},
    author = {Pastra, Katerina},
    booktitle = {International Workshop on Human--Computer Conversation},
    year = {2008}
}

@article{rizzolatti:2001:nrn,
    author = {Rizzolatti, Giacomo and Fogassi, Leonardo and Gallese, Vittorio},
    title = {Neurophysiological mechanisms underlying the understanding and imitation of action},
    journal = {Nature Reviews Neuroscience},
    number = {September},
    pages = {661--70},
    volume = {2},
    year = {2001},
    doi = {10.1038/35090060},
}

@article{salvi:2012:smcb,
    title = {{Language Bootstrapping: Learning Word Meanings From Perception--Action Association}},
    author = {Salvi, Giampiero and Montesano, Luis and Bernardino, Alexandre and Santos-Victor, Jose},
    journal = smcb,
    volume = {42},
    number = {3},
    pages = {660--671},
    year = {2012},
    doi = {10.1109/TSMCB.2011.2172420}
}
